@Article{abatut,
author = {Toni, Francesca},
title = {A Tutorial on Assumption-Based Argumentation},
journal = {Argument \& Computation},
year = {2013},
OPTmonth = {October}
}

@InCollection{abafinal,
author = {Dung, Phan Min and Kowalski, Robert and Toni, Francesca},
title = {Assumption-Based Argumentation},
booktitle = {Argumentation in AI},
OPTpages = {199-218},
OPTpublisher = {Springer},
OPTyear = {2009}
}

@article{proxdd,
title = "A generalised framework for dispute derivations in assumption-based argumentation ",
journal = "Artificial Intelligence ",
volume = "195",
number = "0",
pages = "1 - 43",
year = "2013",
note = "",
issn = "0004-3702",
doi = "http://dx.doi.org/10.1016/j.artint.2012.09.010",
url = "http://www.sciencedirect.com/science/article/pii/S0004370212001233",
author = "Francesca Toni",
keywords = "Argumentation",
keywords = "Computation",
keywords = "Soundness and completeness "
}

@InProceedings{grapharg,
author = {Craven, Robert and Toni, Francesca and Williams, Matthew},
title = {Graph-Based Disput Derivations in Assumption-Based Argumentation},
booktitle = {TAFA 2013}
}

@inproceedings{aspartix,
author    = {Uwe Egly and Sarah Alice Gaggl and Stefan Woltran},
title     = {ASPARTIX: Implementing Argumentation Frameworks Using Answer-Set Programming},
booktitle = {Logic Programming, 24th International Conference, ICLP 2008, Udine, Italy, December 9-13 2008, Proceedings},
year      = {2008},
editor    = {Maria Garcia de la Banda and Enrico Pontelli},
publisher = {Springer},
series    = {Lecture Notes in Computer Science},
volume    = {5366},
year      = {2008},
isbn      = {978-3-540-89981-5},
ee        = {http://dx.doi.org/10.1007/978-3-540-89982-2}, 
bibsource = {DBLP, http://dblp.uni-trier.de},
pages     = {734-738},
bibsource = {DBLP, http://dblp.uni-trier.de},
pdf       = {http://www.dbai.tuwien.ac.at/research/project/argumentation/EglyGW08a.pdf}
}

@article{idealsem,
title = "Computing ideal sceptical argumentation ",
journal = "Artificial Intelligence ",
volume = "171",
number = "10â€“15",
pages = "657 - 660",
year = "2007",
note = "<ce:title>Argumentation in Artificial Intelligence</ce:title> ",
issn = "0004-3702",
doi = "http://dx.doi.org/10.1016/j.artint.2007.05.003",
url = "http://www.sciencedirect.com/science/article/pii/S000437020700080X",
author = "P.M. Dung and P. Mancarella and F. Toni",
keywords = "Abstract argumentation",
keywords = "Assumption-based argumentation",
keywords = "Ideal semantics",
keywords = "Proof procedure",
keywords = "Dispute "
}

@InCollection{AAmapping,
author = {Toni, Francesca},
title = {Reasoning on the web with assumption-based argumentation},
booktitle = {8th Reasoning Web Summer School volume 7487 of Lecture Notes in Computer Science},
OPTpublisher = {Springer},
OPTyear = {2012},
}

@InProceedings{decision,
author = {Xiuyi, Fan and Francesca, Toni},
title = {Decision Making with Assumption-based Argumentation},
booktitle = {TAFA 2013}
}

@Article{proxddsys,
author = {Dr. Robert Craven },
title = {Proxdd},
journal = {http://www.doc.ic.ac.uk/$\sim$rac101/proarg/proxdd.html}
}

@Article{graphargsys,
author = {Dr. Robert Craven },
title = {Grapharg},
journal = {http://www.doc.ic.ac.uk/$\sim$rac101/proarg/grapharg.html}
}

@Article{aspartixsys,
author = {TU Wien },
title = {ASPARTIX},
journal = {http://www.dbai.tuwien.ac.at/proj/argumentation/systempage/}
}
